<record xmlns="http://www.loc.gov/MARC21/slim">
   <leader>02597cam a22004338i 45 0</leader>
   <controlfield tag="001">6756926</controlfield>
   <controlfield tag="003">OCoLC</controlfield>
   <controlfield tag="005">20150122171342.0</controlfield>
   <controlfield tag="008">140904s2015    cau      b    000 0 eng  </controlfield>
   <datafield ind1=" " ind2=" " tag="010">
      <subfield code="a">  2014033245</subfield>
   </datafield>
   <datafield ind1=" " ind2=" " tag="020">
      <subfield code="a">9781626251274 (paperback)</subfield>
   </datafield>
   <datafield ind1=" " ind2=" " tag="020">
      <subfield code="a">1626251274 (paperback)</subfield>
   </datafield>
   <datafield ind1=" " ind2=" " tag="020">
      <subfield code="z">9781626251281 (pdf e-book)</subfield>
   </datafield>
   <datafield ind1=" " ind2=" " tag="020">
      <subfield code="z">9781626251298 (epub)</subfield>
   </datafield>
   <datafield ind1=" " ind2=" " tag="035">
      <subfield code="a">ocn867765856</subfield>
   </datafield>
   <datafield ind1=" " ind2=" " tag="040">
      <subfield code="a">DLC</subfield>
      <subfield code="b">eng</subfield>
      <subfield code="e">rda</subfield>
      <subfield code="c">DLC</subfield>
      <subfield code="d">YDXCP</subfield>
      <subfield code="d">BTCTA</subfield>
      <subfield code="d">BDX</subfield>
      <subfield code="d">OCLCO</subfield>
      <subfield code="d">SFR</subfield>
      <subfield code="d">OCLCF</subfield>
      <subfield code="d">ZHB</subfield>
      <subfield code="d">APL</subfield>
      <subfield code="d">AFMK</subfield>
   </datafield>
   <datafield ind1=" " ind2=" " tag="042">
      <subfield code="a">pcc</subfield>
   </datafield>
   <datafield ind1="0" ind2="0" tag="050">
      <subfield code="a">RA785</subfield>
      <subfield code="b">.S785 2015</subfield>
   </datafield>
   <datafield ind1="0" ind2="0" tag="082">
      <subfield code="a">613</subfield>
      <subfield code="2">23</subfield>
   </datafield>
   <datafield ind1="0" ind2="4" tag="082">
      <subfield code="a">155.9042</subfield>
      <subfield code="2">23</subfield>
   </datafield>
   <datafield ind1=" " ind2=" " tag="084">
      <subfield code="a">SEL024000</subfield>
      <subfield code="a">OCC010000</subfield>
      <subfield code="a">MED057000</subfield>
      <subfield code="2">bisacsh</subfield>
   </datafield>
   <datafield ind1=" " ind2=" " tag="090">
      <subfield code="a">RA 785 S785 2015</subfield>
      <subfield code="b">AFMK</subfield>
   </datafield>
   <datafield ind1="1" ind2=" " tag="100">
      <subfield code="a">Strosahl, Kirk,</subfield>
      <subfield code="d">1950-</subfield>
   </datafield>
   <datafield ind1="1" ind2="0" tag="245">
      <subfield code="a">In this moment :</subfield>
      <subfield code="b">five steps to transcending stress using mindfulness and neuroscience /</subfield>
      <subfield code="c">Kirk D. Strosahl and Patricia J. Robinson.</subfield>
   </datafield>
   <datafield ind1=" " ind2="1" tag="264">
      <subfield code="a">Oakland, CA :</subfield>
      <subfield code="b">New Harbinger Publications,</subfield>
      <subfield code="c">[2015]</subfield>
   </datafield>
   <datafield ind1=" " ind2=" " tag="300">
      <subfield code="a">vi, 204 pages ;</subfield>
      <subfield code="c">23 cm</subfield>
   </datafield>
   <datafield ind1=" " ind2=" " tag="336">
      <subfield code="a">text</subfield>
      <subfield code="2">rdacontent</subfield>
   </datafield>
   <datafield ind1=" " ind2=" " tag="337">
      <subfield code="a">unmediated</subfield>
      <subfield code="2">rdamedia</subfield>
   </datafield>
   <datafield ind1=" " ind2=" " tag="338">
      <subfield code="a">volume</subfield>
      <subfield code="2">rdacarrier</subfield>
   </datafield>
   <datafield ind1=" " ind2=" " tag="504">
      <subfield code="a">Includes bibliographical references (pages 201-204).</subfield>
   </datafield>
   <datafield ind1="0" ind2=" " tag="505">
      <subfield code="a">A new perspective on dealing with daily stress. Stress, mindfulness, and neuroscience ; Mindfulness and the art of living with your mind ; The five facets of mindfulness -- Five steps to transcending stress. Observe ; Describe ; Detach ; Love yourself ; Act mindfully -- Developing a mindful lifestyle. Know your helpers and hassles ; Mindful and balanced daily routines ; The peaceful and powerful worker ; Cultivating mindful relationships.</subfield>
   </datafield>
   <datafield ind1=" " ind2=" " tag="520">
      <subfield code="a">"Little daily hassles can often add up to big stress. In In This Moment, two internationally-renowned psychologists show readers how to connect with the present moment and find a sense of calm and serenity using a breakthrough, evidence-based program grounded in mindfulness and neuroscience. Over time, chronic stress can take its toll on mental and physical health, leading to everything from anxiety and depression to weight gain and disease. By practicing the exercises in this book, readers will learn to combat stress in healthy ways, stay balanced, and live happier lives, no matter what challenges arise"--</subfield>
      <subfield code="c">Provided by publisher.</subfield>
   </datafield>
   <datafield ind1=" " ind2=" " tag="596">
      <subfield code="a">8</subfield>
   </datafield>
   <datafield ind1=" " ind2="0" tag="650">
      <subfield code="a">Stress management.</subfield>
   </datafield>
   <datafield ind1=" " ind2="0" tag="650">
      <subfield code="a">Meditation</subfield>
      <subfield code="x">Therapeutic use.</subfield>
   </datafield>
   <datafield ind1=" " ind2="0" tag="650">
      <subfield code="a">Neuroplasticity.</subfield>
   </datafield>
   <datafield ind1=" " ind2="0" tag="650">
      <subfield code="a">Neurosciences.</subfield>
   </datafield>
   <datafield ind1="1" ind2=" " tag="700">
      <subfield code="a">Robinson, Patricia J.</subfield>
   </datafield>
   <datafield ind1=" " ind2=" " tag="926">
      <subfield code="a">RA 785 S785 2015</subfield>
      <subfield code="w">LC</subfield>
      <subfield code="c">1</subfield>
      <subfield code="i">34917001372031</subfield>
      <subfield code="d">3/29/2017</subfield>
      <subfield code="e">3/8/2017</subfield>
      <subfield code="l">ON_SHELF</subfield>
      <subfield code="m">KEYANO</subfield>
      <subfield code="n">7</subfield>
      <subfield code="p">$22.45</subfield>
      <subfield code="q">3</subfield>
      <subfield code="r">Y</subfield>
      <subfield code="s">Y</subfield>
      <subfield code="t">BOOK</subfield>
      <subfield code="u">12/10/2014</subfield>
      <subfield code="o">.STAFF. Rec'd Jan/15 MW</subfield>
   </datafield>
</record>
